@book{PHerJAVA,
   author = {P. Herout},
   year = {2006},
   title = {Učebnice jazyka Java},
   publisher = {nakladatelství Kopp},
   address = {České budějovice, Česká republika},
   isbn = {80-7232-115-3}
}
@book{PHerJAVAgui,
   author = {P. Herout},
   year = {2006},
   title = {Java: grafické uživatelské prostředí a čeština},
   address = {České budějovice, Česká republika},
   publisher = {nakladatelství Kopp},
   isbn = {80-7232-237-0}
}
@book{PHerJAVAlibs,
   author = {P. Herout},
   year = {2008},
   title = {Java: Bohatství knihoven},
   address = {České budějovice, Česká republika},
   publisher = {nakladatelství Kopp},
   isbn = {80-7232-368-5}
}
@book{BogdanKiszka,
   author = {Bogdan Kiszka},
   year = {2009},
   title = {1001 tipů a triků pro jazyk Java},
   address = {Brno, Česká republika},
   publisher = {Computer Press, a.s.},
   isbn = {978-80-251-2467-3}
}
@book{DaveThau,
   author = {Dave Thau},
   year = {2007},
   title = {The Book of JavaScript: A Practical Guide to Interactive Web Pages},
   address = {San Francisco, Spojené státy americké},
   publisher = {No Starch Press},
   isbn = {978-1-59327-106-0}
}
@book{BruceEckel,
   author = {Bruce Eckel},
   year = {2000},
   title = {Myslíme v v jazyku Java: knihovna zkušeného programátora},
   address = {Praha, Česká republika},
   publisher = {Grada Publishing, spol. s r.o.},
   isbn = {80-247-0027-1}
}
@book{IanDarwin,
   author = {Ian Darwin},
   year = {2007},
   title = {Java: kuchařka programátora},
   address = {Brno, Česká republika},
   publisher = {Computer Press, a.s.},
   isbn = {80-251-0944-5}
}
@misc{JAVAhist,
   author = {Luděk Novotný},
   title 	= {\textit{Historie a vývoj jazyka Java} [online]},
   year = {2003},
   note = {[vid. 2017-16-04]. Dostupné z: \url{http://www.fi.muni.cz/usr/jkucera/pv109/2003p/xnovotn8.htm}}
}
@misc{JAVAjvm,
   author = {Margaret Rouse},
   title = {\textit{Java virtual machine (JVM)} [online]},
   year = {2006},
   note = {[vid. 2017-16-04]. Dostupné z: \url{http://www.theserverside.com/definition/Java-virtual-machine-JVM}}
}
@misc{JSweb,
   author = {Dušan Janovský},
   title = {\textit{JavaScript: návody na použití jazyka} [online]},
   year = {2004},
   note = {[vid. 2017-16-04]. Dostupné z: \url{https://www.jakpsatweb.cz/javascript}}
}
